%% BOOKS

@BOOK{tseries,
  author = {Robert H. Shumway and David S. Stoffer},
  edition = {Fourth edition},
  publisher = {Springer},
  title = {Time Series Analysis and Its Application With R Examples},
  year = {2017},
  note = {ISBN 978-3-319-52452-8}
}

@BOOK{cc,
  author = {Jonathan D. Cryer, Kung-Sik Chan},
  edition = {Second edition},
  publisher = {Springer},
  title = {Time Series Analysis With Applications in R},
  year = {2008},
  note = {ISBN 978-0-387-75958-6}
}

@BOOK{MadsenThyregod,
  author = {Henrik Madsen and Poul Thyregod},
  publisher = {CRC Press},
  title = {Introduction to General and Generalized Linear Models},
  year = {2010},
  note = {ISBN 978-1-4398-9114-8}
}

@BOOK{Tsay,
  author = {Ruey S. Tsay},
  publisher = {John Wiley \& Sons, Inc.},
  title = {An Introduction to Analysis of Financial Data with R},
  year = {2013},
  note = {ISBN 978-0-470-89081-3}
}

@BOOK{Tsay2,
  author = {Ruey S. Tsay},
  edition = {Third edition},
  publisher = {John Wiley \& Sons, Inc.},
  title = {Analysis of Financial Time Series},
  year = {2010},
  note = {ISBN 978-0-470-41435-4}
}

@BOOK{EleFinEco,
  author = {Jianqing Fan and Qiwei Yao},
  publisher = {Cambridge University Press},
  title = {The Elements of Financial Econometrics},
  year = {2017},
  note = {ISBN 978-1-107-19117-4}
}

@BOOK{econometric_forecasting,
  author = {Graham Elliott and Allan Timmermann},
  publisher = {Princeton University Press},
  title = {Economic Forecasting},
  year = {2016},
  note = {ISBN 978-0-691-14013-1}
}


@BOOK{prob_book,
  author = {Peter Olofsson and Mikael Andersson},
  edition = {Second edition},
  publisher = {Wiley},
  title = {Probability, Statistics, and Stochastic Processes},
  year = {2012},
  note = {ISBN 9780470889749}
}

@BOOK{monte-carlo-methods,
  author = {Ralf Korn and Elke Korn and Gerald Kroisandt},
  publisher = {Chapman \& Hall/CRC},
  title = {Monte Carlo Methods and Models in Finance and Insurance},
  year = {2010},
  note = {ISBN 978-1-4200-7618-9}
}

@BOOK{size_power_test,
  author = {Russel Davidson and James G. MacKinnon},
  publisher = {OUP USA},
  title = {Econometric Theory and Methods},
  year = {2003},
  note = {ISBN 978-0195123722}
}

%% MISCS

@MISC{intro_rugarch,
  author = {Alexios Ghalanos},
  title = {Introduction to the rugarch package},
  howpublished = {\url{https://cran.r-project.org/web/packages/rugarch/vignettes/Introduction_to_the_rugarch_package.pdf}},
  year = {2018},
  note = "[Online; accessed October 9, 2018]"
 }


@MISC{DensityForecast,
  author = {Kevin Sheppard},
  title = {Value-at-Risk, Expected Shortfall and Density Forecasting},
  howpublished = {\url{https://www.kevinsheppard.com/images/4/47/Chapter8.pdf}},
  year = {2017},
  note = "[Online; accessed October 18, 2018]"
 }

%% ARTICLES

@article{Bollerslev-GARCH,
  author = {Tim Bollerslev},
  title = {Generalized Autoregressive Conditional Heteroskedasticity},
  journal = {Journal of Econometrics},
  year = {1986},
  volume = {Vol. 31},
  pages = {{307}-{327}}
}

@article{Bollerslev-Tgarch,
  author = {Tim Bollerslev},
  title = {A Conditionally Heteroskedastic Time Series Model For Speculative Prices and Rates of Return},
  journal = {The Review of Economics and Statistics},
  year = {1987},
  volume = {Vol. 69},
  number = {No. 3},
  pages = {{542}-{547}}
}

@article{SampleACFGARCH,
  author = {Thomas Mikosch and Catalin Starica},
  title = {Limit Theory for the Sample Autocorrelations and Extremes of a $\GARCH(1,1)$ Process},
  journal = {The Annals of Statistics},
  year = {2000},
  volume = {Vol. 28},
  number = {No. 5},
  pages = {{1427}-{1451}}
}

@article{EGARCH,
  author = {Daniel B. Nelson},
  title = {Conditional Heteroskedasticity in Asset Returns: A New Approach},
  journal = {Econometrica},
  year = {1991},
  volume = {Vol. 59},
  number = {No. 2},
  pages = {{347}-{370}}
}

@article{Italieneren,
  author = {Daniele Massacci},
  title = {Predicting the Distribution of Stock Returns: Model Formulation, Statistical Evaluation, VaR Analysis and Economic Significance},
  journal = {Journal of Forecasting},
  year = {2015},
  volume = {Vol. 34},
  number = {No. 3},
  pages = {{191}-{208}}
}

@article{EvalDensity,
  author = {Francis X. Diebolda and Todd A. Gunther and Anthony S. Tay},
  title = {Evaluating Density Forecasts with Applications to Financial Risk Management},
  journal = {International Economic Review},
  year = {1998},
  volume = {Vol. 39},
  number = {No. 4},
  pages = {{863}-{883}}
}

 @article{Limit-SampleACF,
  author = {Thomas Mikosch and Catalin Starica},
  title = {Limit Theory for the Sample Autocorrelations and Extremes of a GARCH(1,1) Process},
  journal = {The Annals of Statistics},
  year = {2000},
  volume = {Vol. 28},
  number = {No. 5},
  pages = {{1427}-{1451}}
}

@article{Weighted-Likelihood-Ratio-Tests,
  author = {Gianni Amisano and Raffaella Giacomini},
  title = {Comparing Density Forecasts via Weighted Likelihood Ratio Tests},
  journal = {Journal of Business and Economic Statistics},
  year = {2007},
  volume = {Vol. 25},
  number = {No. 2},
  pages = {{177}-{190}}
}

@article{Backtesting_Value-at-Risk,
  author = {Peter Christoffersen and Denis Pelletier},
  title = {Backtesting Value-at-Risk: A Duration-Based Approach},
  journal = {Journal of Financial Econometrics},
  year = {2004},
  volume = {Vol. 2},
  number = {No. 1},
  pages = {{84}-{108}}
}

@article{berkowitz_test,
  author = {Jeremy Berkowitz},
  title = {Testing Density Forecasts, With Applications to Risk Management},
  journal = {Journal of Business and Economic Statistics},
  year = {2001},
  volume = {Vol. 19},
  number = {No. 4},
  pages = {{465}-{474}}
}

@article{skew_dist,
  author = {Carmen Fernández and Mark F. J. Steel},
  title = {On Bayesian Modeling of Fat Tails and Skewness},
  journal = {Journal of the American Statistical Association},
  year = {2012},
  volume = {Vol. 93},
  number = {No. 441},
  pages = {{359}-{371}}
}


@article{FIGARCH_origin,
  author = {Richard T. Baillie and Tim Bollerslev and Hans Ole Mikkelsen},
  title = {Fractionally integrated generalized autoregressive conditional heteroskedasticity},
  journal = {Journal of Econometrics},
  year = {1996},
  volume = {Vol. 74},
  pages = {{3}-{30}}
}

@article{estimation_article,
  author = {Jean-Philippe Peters},
  title = {Estimating and forecasting volatility of stock indices using asymmetric GARCH models and (Skewed) Student-t},
  journal = {Ecole d’Administration des Affaires, University of Liége, Belgium},
  year = {2001}
}

@article{FIGARCH-overview,
  author = {Maryam Tayefi and T.V. Ramanathan},
  title = {An Overview of FIGARCH and Related Time Series Models},
  journal = {Austrian Journal of Statistics},
  year = {2012},
  volume = {Vol. 41},
  number = {No. 3},
  pages = {{175}-{196}}
}

@article{censored_logscore,
  author = {Cees Diks and Valentyn Panchenko and Dick Van Dijk},
  title = {Likelihood-based scoring rules for comparing density forecasts in tails},
  journal = {Journal of Econometrics, Elsevier},
  year = {2011}
}

@article{discrete_weibull_backtest,
  author = {Markus Haas},
  title = {Improved duration-based backtesting of value-at-risk},
  journal = {The Journal of Risk},
  year = {2005}
}

@article{VaR_origin,
  author = {Peter F. Christoffersen},
  title = {Evaluating Interval Forecasts},
  journal = {International Economic Review},
  year = {1998},
volume = {Vol. 39},
  number = {No. 4}
}

@article{BMA,
  author = {Chun Liu and John M. Maheu},
  title = {Forecasting Realized Volatility: A Bayesian Model
Averaging Approach},
  journal = {},
  year = {2008},
volume = {},
  number = {}
}
%% THESIS

@mastersthesis{VaR-thesis,
    author    = {Jakob Kisiala},
    title     = {Conditional Value-at-Risk: Theory and Applications},
    school    = {University of Edinburgh},
    year      = {2015},
    month    = {8},
}

